<?xml version="1.0" encoding="UTF-8"?>
<auditfile xmlns="http://www.auditfiles.nl/XAF/3.2" xmlns:xsi="http://www.w3.org/2001/XMLSchema-instance" xsi:schemaLocation="http://www.auditfiles.nl/XAF/3.2
XmlAuditfileFinancieel3.2.xsd">
	<header>
		<fiscalYear>2016</fiscalYear>
		<startDate>2016-01-01</startDate>
		<endDate>2016-12-31</endDate>
		<curCode>EUR</curCode>
		<dateCreated>2017-09-01</dateCreated>
		<softwareDesc>Boekhoudsoftware</softwareDesc>
		<softwareVersion>V10.2.1</softwareVersion>
	</header>
	<company>
		<companyIdent>ID123456</companyIdent>
		<companyName>Voorbeeldbedrijf</companyName>
		<taxRegistrationCountry>NL</taxRegistrationCountry>
		<taxRegIdent>String</taxRegIdent>
		<streetAddress>
			<streetname>Straatnaam</streetname>
			<number>15</number>
			<numberExtension>A</numberExtension>
			<property>1e etage</property>
			<city>Rommeldam</city>
			<postalCode>5555FF</postalCode>
			<region>String</region>
			<country>NL</country>
		</streetAddress>
		<postalAddress>
			<streetname>Postbus 45</streetname>
			<number/>
			<numberExtension/>
			<property/>
			<city>Rommeldam</city>
			<postalCode>5555AA</postalCode>
			<region>String</region>
			<country>NL</country>
		</postalAddress>
		<customersSuppliers>
			<customerSupplier>
				<custSupID>Debiteur123</custSupID>
				<custSupName>VoorbeeldDebiteur</custSupName>
				<contact>Contactpersoon</contact>
				<telephone>+31 88 888111888</telephone>
				<fax>+31 88 88822888</fax>
				<eMail>info@voobeelden.info</eMail>
				<website>http://www.voorbeelden.info</website>
				<commerceNr>String</commerceNr>
				<taxRegistrationCountry>AD</taxRegistrationCountry>
				<taxRegIdent>String</taxRegIdent>
				<relationshipID>String</relationshipID>
				<custSupTp>B</custSupTp>
				<custSupGrpID>String</custSupGrpID>
				<custCreditLimit>3.14</custCreditLimit>
				<supplierLimit>3.14</supplierLimit>
				<streetAddress>
					<streetname>String</streetname>
					<number>String</number>
					<numberExtension>String</numberExtension>
					<property>String</property>
					<city>String</city>
					<postalCode>String</postalCode>
					<region>String</region>
					<country>AD</country>
				</streetAddress>
				<postalAddress>
					<streetname>String</streetname>
					<number>String</number>
					<numberExtension>String</numberExtension>
					<property>String</property>
					<city>String</city>
					<postalCode>String</postalCode>
					<region>String</region>
					<country>AD</country>
				</postalAddress>
				<bankAccount>
					<bankAccNr>String</bankAccNr>
					<bankIdCd>String</bankIdCd>
				</bankAccount>
				<changeInfo>
					<userID>String</userID>
					<changeDateTime>2001-12-17T09:30:47-05:00</changeDateTime>
					<changeDescription>String</changeDescription>
				</changeInfo>
				<customerSupplierHistory/>
			</customerSupplier>
		</customersSuppliers>
		<generalLedger>
			<ledgerAccount>
				<accID>String</accID>
				<accDesc>String</accDesc>
				<accTp>B</accTp>
				<leadCode>String</leadCode>
				<leadDescription>String</leadDescription>
				<leadReference>String</leadReference>
				<leadCrossRef>String</leadCrossRef>
				<taxonomy>
					<taxoRef>String</taxoRef>
					<entryPoint>
						<entryPointRef>String</entryPointRef>
						<conceptRef>String</conceptRef>
						<domainMember>
							<domainMemberRef>String</domainMemberRef>
						</domainMember>
					</entryPoint>
				</taxonomy>
				<changeInfo>
					<userID>String</userID>
					<changeDateTime>2001-12-17T09:30:47-05:00</changeDateTime>
					<changeDescription>String</changeDescription>
				</changeInfo>
				<glAccountHistory>
					<glAccount>
						<accID>String</accID>
						<accDesc>String</accDesc>
						<accTp>B</accTp>
						<leadCode>String</leadCode>
						<leadDescription>String</leadDescription>
						<leadReference>String</leadReference>
						<leadCrossRef>String</leadCrossRef>
						<changeInfo>
							<userID>String</userID>
							<changeDateTime>2001-12-17T09:30:47-05:00</changeDateTime>
							<changeDescription>String</changeDescription>
						</changeInfo>
					</glAccount>
				</glAccountHistory>
			</ledgerAccount>
			<basics>
				<basic>
					<basicType>02</basicType>
					<basicID>String</basicID>
					<basicDesc>String</basicDesc>
				</basic>
			</basics>
		</generalLedger>
		<vatCodes>
			<vatCode>
				<vatID>String</vatID>
				<vatDesc>String</vatDesc>
				<vatToPayAccID>String</vatToPayAccID>
				<vatToClaimAccID>String</vatToClaimAccID>
			</vatCode>
		</vatCodes>
		<periods>
			<period>
				<periodNumber>1</periodNumber>
				<periodDesc>String</periodDesc>
				<startDatePeriod>1967-08-13</startDatePeriod>
				<startTimePeriod>14:20:00-05:00</startTimePeriod>
				<endDatePeriod>1967-08-13</endDatePeriod>
				<endTimePeriod>14:20:00-05:00</endTimePeriod>
			</period>
		</periods>
		<openingBalance>
			<opBalDate>1967-08-13</opBalDate>
			<opBalDesc>String</opBalDesc>
			<linesCount>1</linesCount>
			<totalDebit>3.14</totalDebit>
			<totalCredit>3.14</totalCredit>
			<obLine>
				<nr>String</nr>
				<accID>String</accID>
				<amnt>3.14</amnt>
				<amntTp>C</amntTp>
			</obLine>
			<obSubledgers>
				<obSubledger>
					<sbType>CS</sbType>
					<sbDesc>String</sbDesc>
					<linesCount>1</linesCount>
					<totalDebit>3.14</totalDebit>
					<totalCredit>3.14</totalCredit>
					<obSbLine>
						<nr>String</nr>
						<obLineNr>String</obLineNr>
						<desc>String</desc>
						<amnt>3.14</amnt>
						<amntTp>C</amntTp>
						<docRef>String</docRef>
						<recRef>String</recRef>
						<matchKeyID>String</matchKeyID>
						<custSupID>String</custSupID>
						<invRef>String</invRef>
						<invPurSalTp>P</invPurSalTp>
						<invTp>C</invTp>
						<invDt>1967-08-13</invDt>
						<invDueDt>1967-08-13</invDueDt>
						<mutTp>I</mutTp>
						<costID>String</costID>
						<prodID>String</prodID>
						<projID>String</projID>
						<artGrpID>String</artGrpID>
						<qntityID>String</qntityID>
						<qntity>1</qntity>
					</obSbLine>
				</obSubledger>
			</obSubledgers>
		</openingBalance>
		<transactions>
			<linesCount>1</linesCount>
			<totalDebit>3.14</totalDebit>
			<totalCredit>3.14</totalCredit>
			<journal>
				<jrnID>String</jrnID>
				<desc>String</desc>
				<jrnTp>B</jrnTp>
				<offsetAccID>String</offsetAccID>
				<bankAccNr>String</bankAccNr>
				<transaction>
					<nr>String</nr>
					<desc>String</desc>
					<periodNumber>1</periodNumber>
					<trDt>1967-08-13</trDt>
					<amnt>3.14</amnt>
					<amntTp>C</amntTp>
					<sourceID>String</sourceID>
					<userID>String</userID>
					<trLine>
						<nr>String</nr>
						<accID>String</accID>
						<docRef>String</docRef>
						<effDate>1967-08-13</effDate>
						<desc>String</desc>
						<amnt>3.14</amnt>
						<amntTp>C</amntTp>
						<recRef>String</recRef>
						<matchKeyID>String</matchKeyID>
						<custSupID>String</custSupID>
						<invRef>String</invRef>
						<orderRef>String</orderRef>
						<receivingDocRef>String</receivingDocRef>
						<shipDocRef>String</shipDocRef>
						<costID>String</costID>
						<prodID>String</prodID>
						<projID>String</projID>
						<artGrpID>String</artGrpID>
						<workCostArrRef>String</workCostArrRef>
						<qntityID>String</qntityID>
						<qntity>1</qntity>
						<bankAccNr>String</bankAccNr>
						<bankIdCd>String</bankIdCd>
						<vat>
							<vatID>String</vatID>
							<vatPerc>0</vatPerc>
							<vatAmnt>3.1</vatAmnt>
							<vatAmntTp>C</vatAmntTp>
						</vat>
						<currency>
							<curCode>AED</curCode>
							<curAmnt>3.14</curAmnt>
						</currency>
					</trLine>
				</transaction>
			</journal>
			<subledgers>
				<subledger>
					<sbType>CS</sbType>
					<sbDesc>String</sbDesc>
					<linesCount>1</linesCount>
					<totalDebit>3.14</totalDebit>
					<totalCredit>3.14</totalCredit>
					<sbLine>
						<nr>String</nr>
						<jrnID>String</jrnID>
						<trNr>String</trNr>
						<trLineNr>String</trLineNr>
						<desc>String</desc>
						<amnt>3.14</amnt>
						<amntTp>C</amntTp>
						<docRef>String</docRef>
						<recRef>String</recRef>
						<matchKeyID>String</matchKeyID>
						<custSupID>String</custSupID>
						<invRef>String</invRef>
						<invPurSalTp>P</invPurSalTp>
						<invTp>C</invTp>
						<invDt>1967-08-13</invDt>
						<invDueDt>1967-08-13</invDueDt>
						<mutTp>I</mutTp>
						<costID>String</costID>
						<prodID>String</prodID>
						<projID>String</projID>
						<artGrpID>String</artGrpID>
						<qntityID>String</qntityID>
						<qntity>1</qntity>
						<vat>
							<vatID>String</vatID>
							<vatPerc>0</vatPerc>
							<vatAmnt>3.14</vatAmnt>
							<vatAmntTp>C</vatAmntTp>
						</vat>
						<currency>
							<curCode>AED</curCode>
							<curAmnt>3.14</curAmnt>
						</currency>
					</sbLine>
				</subledger>
			</subledgers>
		</transactions>
	</company>
</auditfile>
